@misc{1_visualstudio.com_2014,
	author={Visualstudio.com},
	title={Visual Studio - Microsoft Developer Tools},
	url={http://www.visualstudio.com/},
	year={2014}
}

@misc{orion,
	author={Eclipse Orion},
	title={Eclipse Orion},
	url={http://www.eclipse.org/orion},
	year={2014}
}

@misc{hpp,
	author={Wen-Mei Hwu },
	title={Coursera Hetrogenous Parallel Programming},
	url={https://www.coursera.org/course/hetero},
	year={2014}
}


@inproceedings{react,
	  title={Multi-tier Functional Reactive Programming for the Web},
	    author={Reynders, Bob and Devriese, Dominique and Piessens, Frank},
	      booktitle={Proceedings of the 2014 ACM International Symposium on New Ideas, New Paradigms, and Reflections on Programming \& Software},
	        pages={55--68},
		  year={2014},
		    organization={ACM}
}

@inproceedings{grimmer2014efficient,
	  title={An efficient approach for accessing C data structures from JavaScript},
	    author={Grimmer, Matthias and W{\"u}rthinger, Thomas and W{\"o}{\ss}, Andreas and M{\"o}ssenb{\"o}ck, Hanspeter},
	      booktitle={Proceedings of the 9th International Workshop on Implementation, Compilation, Optimization of Object-Oriented Languages, Programs and Systems PLE},
	        pages={1},
		  year={2014},
		    organization={ACM}
}

@article{matsakistyped,
	  title={Typed Objects in JavaScript},
	    author={Matsakis, Nicholas D and Herman, David and Lomov, Dmitry}
}

@book{warren2013hacker,
	  title={Hacker's delight},
	    author={Warren, Henry S},
	      year={2013},
	        publisher={Pearson Education}
}




@inproceedings{zakai2011emscripten,
	  title={Emscripten: an LLVM-to-JavaScript compiler},
	    author={Zakai, Alon},
	      booktitle={Proceedings of the ACM international conference companion on Object oriented programming systems languages and applications companion},
	        pages={301--312},
		  year={2011},
		    organization={ACM}
}

@book{green2012web,
	  title={Web Workers: Multithreaded Programs in JavaScript},
	    author={Green, Ido},
	      year={2012},
	        publisher={" O'Reilly Media, Inc."}
}

@inproceedings{bonetta2013tigerquoll,
	  title={TigerQuoll: parallel event-based JavaScript},
	    author={Bonetta, Daniele and Binder, Walter and Pautasso, Cesare},
	      booktitle={ACM SIGPLAN Notices},
	        volume={48},
		  number={8},
		    pages={251--260},
		      year={2013},
		        organization={ACM}
}

@inproceedings{kambona2013evaluation,
	  title={An evaluation of reactive programming and promises for structuring collaborative web applications},
	    author={Kambona, Kennedy and Boix, Elisa Gonzalez and De Meuter, Wolfgang},
	      booktitle={Proceedings of the 7th Workshop on Dynamic Languages and Applications},
	        pages={3},
		  year={2013},
		    organization={ACM}
}

@inproceedings{reynders2014multi,
	  title={Multi-tier Functional Reactive Programming for the Web},
	    author={Reynders, Bob and Devriese, Dominique and Piessens, Frank},
	      booktitle={Proceedings of the 2014 ACM International Symposium on New Ideas, New Paradigms, and Reflections on Programming \& Software},
	        pages={55--68},
		  year={2014},
		    organization={ACM}
}

@misc{lattner2014architecture,
	  title={The architecture of open source applications: LLVM},
	    author={Lattner, Chris},
	      year={2014}
}

@phdthesis{lattner2002llvm,
	  title={LLVM: An infrastructure for multi-stage optimization},
	    author={Lattner, Chris Arthur},
	      year={2002},
	        school={University of Illinois at Urbana-Champaign}
}
@inproceedings{lattner2004llvm,
	  title={LLVM: A compilation framework for lifelong program analysis \& transformation},
	    author={Lattner, Chris and Adve, Vikram},
	      booktitle={Code Generation and Optimization, 2004. CGO 2004. International Symposium on},
	        pages={75--86},
		  year={2004},
		    organization={IEEE}
}

@incollection{maffeis2008operational,
	  title={An operational semantics for JavaScript},
	    author={Maffeis, Sergio and Mitchell, John C and Taly, Ankur},
	      booktitle={Programming languages and systems},
	        pages={307--325},
		  year={2008},
		    publisher={Springer}
}

@incollection{guha2010essence,
	  title={The essence of JavaScript},
	    author={Guha, Arjun and Saftoiu, Claudiu and Krishnamurthi, Shriram},
	      booktitle={ECOOP 2010--Object-Oriented Programming},
	        pages={126--150},
		  year={2010},
		    publisher={Springer}
}






@article{vouillon2013bytecode,
	  title={From bytecode to javascript: the js\_of\_ocaml compiler},
	    author={Vouillon, J{\'e}r{\^o}me and Balat, Vincent},
	      journal={Software: Practice and Experience},
	        year={2013},
		  publisher={Wiley Online Library}
}

@inproceedings{vilk2014doppio,
	  title={Doppio: breaking the browser language barrier},
	    author={Vilk, John and Berger, Emery D},
	      booktitle={Proceedings of the 35th ACM SIGPLAN Conference on Programming Language Design and Implementation},
	        pages={52},
		  year={2014},
		    organization={ACM}
}



@article{zhang1989simple,
	  title={Simple fast algorithms for the editing distance between trees and related problems},
	    author={Zhang, Kaizhong and Shasha, Dennis},
	      journal={SIAM journal on computing},
	        volume={18},
		  number={6},
		    pages={1245--1262},
		      year={1989},
		        publisher={SIAM}
}

